<record><leader>00000cas a22000007a 4500</leader><controlfield tag="001">21055540</controlfield><controlfield tag="007">hd afu---buca</controlfield><controlfield tag="008">900213d17851786ctucr n a     0   a0eng d</controlfield><datafield ind1=" " ind2=" " tag="010"><subfield code="a">sn 90022319 </subfield></datafield><datafield ind1=" " ind2=" " tag="040"><subfield code="a">VA@</subfield><subfield code="b">eng</subfield><subfield code="c">VA@</subfield><subfield code="d">OCL</subfield><subfield code="d">HUL</subfield><subfield code="d">BOS</subfield><subfield code="d">UKMGB</subfield><subfield code="d">OCLCQ</subfield><subfield code="d">OCLCO</subfield><subfield code="d">OCLCA</subfield><subfield code="d">OCLCF</subfield><subfield code="d">OCLCQ</subfield></datafield><datafield ind1=" " ind2=" " tag="012"><subfield code="i">9006</subfield></datafield><datafield ind1="7" ind2=" " tag="016"><subfield code="a">007191606</subfield><subfield code="2">Uk</subfield></datafield><datafield ind1=" " ind2=" " tag="042"><subfield code="a">msc</subfield></datafield><datafield ind1=" " ind2=" " tag="043"><subfield code="a">n-us-pa</subfield></datafield><datafield ind1=" " ind2="4" tag="050"><subfield code="a">AN44.P4</subfield><subfield code="b">C28</subfield></datafield><datafield ind1="0" ind2="4" tag="245"><subfield code="a">The Pennsylvania evening herald, and the American monitor.</subfield></datafield><datafield ind1="3" ind2="0" tag="246"><subfield code="a">American monitor</subfield></datafield><datafield ind1=" " ind2=" " tag="260"><subfield code="a">Philadelphia, Pa. :</subfield><subfield code="b">Carey, Talbot, and Spotswood,</subfield><subfield code="c">1785-1786.</subfield></datafield><datafield ind1=" " ind2=" " tag="300"><subfield code="a">3 volumes ;</subfield><subfield code="c">47 cm</subfield></datafield><datafield ind1=" " ind2=" " tag="310"><subfield code="a">Semiweekly</subfield></datafield><datafield ind1=" " ind2=" " tag="336"><subfield code="a">text</subfield><subfield code="b">txt</subfield><subfield code="2">rdacontent</subfield></datafield><datafield ind1=" " ind2=" " tag="337"><subfield code="a">microform</subfield><subfield code="b">h</subfield><subfield code="2">rdamedia</subfield></datafield><datafield ind1=" " ind2=" " tag="338"><subfield code="a">microfilm reel</subfield><subfield code="b">hd</subfield><subfield code="2">rdacarrier</subfield></datafield><datafield ind1="0" ind2=" " tag="362"><subfield code="a">Vol. 1, no. 18 (Mar. 26, 1785)-v. 1, no. 52 (July 23, 1875) ; v. 2, no. 1 (July 27, 1785)-v. 3, no. 36 (May 27, 1786) = Total no. 53-140.</subfield></datafield><datafield ind1=" " ind2=" " tag="500"><subfield code="a">Title from caption.</subfield></datafield><datafield ind1=" " ind2=" " tag="515"><subfield code="a">Mar. 26, 1785-July 23, 1785 constitutes vol. 1, no. 18-52; July 27, 1785-May 27, 1786 constitutes vol. 2, no. 1, total no. 53-vol. 3, no. 36, total no. 140.</subfield></datafield><datafield ind1=" " ind2=" " tag="525"><subfield code="a">Supplements accompany Nov. 5, 1785 and May 10, 1786.</subfield></datafield><datafield ind1=" " ind2=" " tag="555"><subfield code="a">Subject index: Mar. 26, 1785-May 27, 1786.</subfield></datafield><datafield ind1=" " ind2=" " tag="533"><subfield code="a">Microfilm.</subfield><subfield code="b">New Canaan, Ct. :</subfield><subfield code="c">Readex Microprint Corp.,</subfield><subfield code="d">[19--].</subfield><subfield code="e">microfilm reel ; 35 mm.</subfield><subfield code="f">(Early American newspapers).</subfield></datafield><datafield ind1=" " ind2="0" tag="651"><subfield code="a">Philadelphia (Pa.)</subfield><subfield code="v">Newspapers.</subfield></datafield><datafield ind1=" " ind2="7" tag="651"><subfield code="a">Pennsylvania</subfield><subfield code="z">Philadelphia.</subfield><subfield code="2">fast</subfield><subfield code="0">(OCoLC)fst01204170</subfield></datafield><datafield ind1=" " ind2="7" tag="655"><subfield code="a">Newspapers.</subfield><subfield code="2">fast</subfield><subfield code="0">(OCoLC)fst01423814</subfield></datafield><datafield ind1=" " ind2=" " tag="752"><subfield code="a">United States</subfield><subfield code="b">Pennsylvania</subfield><subfield code="d">Philadelphia.</subfield></datafield><datafield ind1="0" ind2="0" tag="780"><subfield code="t">Carey's Pennsylvania evening herald</subfield><subfield code="w">(DLC)sn 90023771</subfield><subfield code="w">(OCoLC)21801724</subfield></datafield><datafield ind1="0" ind2="0" tag="785"><subfield code="t">Pennsylvania herald, and general advertiser</subfield><subfield code="w">(DLC)sn 90022321</subfield><subfield code="w">(OCoLC)21055406</subfield></datafield><datafield ind1=" " ind2="0" tag="830"><subfield code="a">Early American newspapers.</subfield></datafield><datafield ind1=" " ind2=" " tag="850"><subfield code="a">MH</subfield></datafield><datafield ind1="1" ind2=" " tag="029"><subfield code="a">AU@</subfield><subfield code="b">000025879260</subfield></datafield></record>